<record><leader>00000cas a22000007a 4500</leader><controlfield tag="001">12776037</controlfield><controlfield tag="008">851108d19081924wvuwr ne      0    0eng d</controlfield><datafield ind1=" " ind2=" " tag="010"><subfield code="a">sn 85059619 </subfield></datafield><datafield ind1=" " ind2=" " tag="040"><subfield code="a">WVC</subfield><subfield code="b">eng</subfield><subfield code="c">WVC</subfield><subfield code="d">OCL</subfield><subfield code="d">OCLCQ</subfield></datafield><datafield ind1=" " ind2=" " tag="042"><subfield code="a">msc</subfield></datafield><datafield ind1="0" ind2="4" tag="245"><subfield code="a">The Fayette tribune and free press.</subfield></datafield><datafield ind1=" " ind2=" " tag="260"><subfield code="a">Fayetteville, W. Va. :</subfield><subfield code="b">Good Government League Publ. Co.,</subfield><subfield code="c">-1924.</subfield></datafield><datafield ind1=" " ind2=" " tag="300"><subfield code="a">v.</subfield></datafield><datafield ind1=" " ind2=" " tag="310"><subfield code="a">Weekly</subfield></datafield><datafield ind1="1" ind2=" " tag="362"><subfield code="a">Began in 1908.</subfield><subfield code="z">Cf. Donnelly, C.S. Historical Notes on Fayette Co.</subfield></datafield><datafield ind1="0" ind2=" " tag="362"><subfield code="a">-v. 26, no. 15 (Feb. 27, 1924).</subfield></datafield><datafield ind1=" " ind2=" " tag="580"><subfield code="a">Preceded by: Fayette free press (189u) (non-extant), published at Bays, W. Va. Cf. W. Va. State Gazetteer, 1900-1.</subfield></datafield><datafield ind1=" " ind2=" " tag="588"><subfield code="a">Description based on: Vol. 14, no. 1 (Sept. 7, 1911).</subfield></datafield><datafield ind1=" " ind2=" " tag="752"><subfield code="a">United States</subfield><subfield code="b">West Virginia</subfield><subfield code="c">Fayette</subfield><subfield code="d">Fayetteville.</subfield></datafield><datafield ind1="1" ind2="0" tag="780"><subfield code="t">Fayette free press (189u)</subfield></datafield><datafield ind1="0" ind2="0" tag="785"><subfield code="t">Fayette tribune</subfield><subfield code="w">(DLC)sn 85059618</subfield></datafield><datafield ind1="1" ind2=" " tag="029"><subfield code="a">AU@</subfield><subfield code="b">000023449731</subfield></datafield></record>